@unpublished{project1,
  title={Ordinary least squares regression of Franke's function},
  author={Anders Eriksen},
}

@unpublished{slides,
  title={Lecture slides, mcahine learning},
  author={Morten Hjorth-Jensen},
}

@article{creditcardarticle,
  title={The comparisons of data mining techniques for the predictive accuracy of probability of default of credit card clients},
  author={Yeh, I-Cheng and Lien, Che-hui},
  journal={Expert Systems with Applications},
  volume={36},
  number={2},
  pages={2473--2480},
  year={2009},
  publisher={Elsevier}
}

@misc{pandas,
    title={Pandas: powerfull python data analysis toolkit},
    url={https://github.com/pandas-dev/pandas}
}

